@book{KerasInstall,
  title     = {Install TensorFlow 2},
  url    = {https://www.tensorflow.org/install}
}

@book{classScratch,
  author    = {Fran√ßois Chollet},
  title     = {Image classification from scratch},
  url    = {https://keras.io/examples/vision/image_classification_from_scratch/}
}

@book{convExplain,
  author    = {ujjwalkarn},
  title     = {An Intuitive Explanation of Convolutional Neural Networks},
  url    = {https://ujjwalkarn.me/2016/08/11/intuitive-explanation-convnets/}
}

@book{convdLayer,
  author    = {Adrian Rosebrock},
  title     = {Keras Conv2D and Convolutional Layers},
  url    = {https://www.pyimagesearch.com/2018/12/31/keras-conv2d-and-convolutional-layers/}
}

@book{gitFace,
  author    = {Anas Badawi},
  title     = {Face-Detection},
  url = {https://github.com/anasbadawy/Face-Detection}
}